<record xmlns="http://www.loc.gov/MARC21/slim" xmlns:xsi="http://www.w3.org/2001/XMLSchema-instance" xsi:schemaLocation="http://www.loc.gov/MARC21/slim http://www.loc.gov/standards/marcxml/schema/MARC21slim.xsd"><leader>00677cz   2200157n  4500</leader><controlfield tag="001">oca00509016 </controlfield><controlfield tag="005">20020314161157.0</controlfield><controlfield tag="008">801114n| acannaab           |a aaa      </controlfield><datafield ind1=" " ind2=" " tag="010"><subfield code="a">n  80128611 </subfield></datafield><datafield ind1=" " ind2=" " tag="040"><subfield code="a">DLC</subfield><subfield code="c">DLC</subfield><subfield code="d">DLC</subfield><subfield code="d">InU</subfield><subfield code="d">DLC</subfield></datafield><datafield ind1="1" ind2=" " tag="100"><subfield code="a">Ausonius, Decimus Magnus</subfield></datafield><datafield ind1="1" ind2=" " tag="400"><subfield code="a">Ausonio</subfield></datafield><datafield ind1="1" ind2=" " tag="400"><subfield code="a">Ausone</subfield></datafield><datafield ind1=" " ind2=" " tag="670"><subfield code="a">Charlet, J.-L. L'influence d'Ausone sur la poésie de Prudence, 1980:</subfield><subfield code="b">t.p. (Ausone)</subfield></datafield><datafield ind1=" " ind2=" " tag="670"><subfield code="a">Acad. Amer. encyc.</subfield><subfield code="b">(Ausonius; Latin poet and rhetorician Decimus Magnus Ausonius, 310-95; tutor to Emperor Gratian)</subfield></datafield><datafield ind1=" " ind2=" " tag="670"><subfield code="a">Encyc. Brit., 15th ed.</subfield><subfield code="b">(Ausonius, Decimus Magnus; b. ca. A.D. 310, Bordeaux, France; d. ca. 395, Bordeaux; Latin poet and rhetorician)</subfield></datafield></record>